<record><leader>00000cas a22000007a 4500</leader><controlfield tag="001">11839970</controlfield><controlfield tag="008">850323d18651903vauwr ne      0    0eng d</controlfield><datafield ind1=" " ind2=" " tag="010"><subfield code="a">sn 85025668 </subfield></datafield><datafield ind1=" " ind2=" " tag="040"><subfield code="a">NPX</subfield><subfield code="b">eng</subfield><subfield code="c">NPX</subfield><subfield code="d">NPU</subfield><subfield code="d">DLC</subfield><subfield code="d">WVC</subfield><subfield code="d">YOX</subfield><subfield code="d">MGN</subfield><subfield code="d">NVK</subfield><subfield code="d">OCLCQ</subfield><subfield code="d">KRTAS</subfield><subfield code="d">NDD</subfield><subfield code="d">OCLCF</subfield><subfield code="d">OCLCO</subfield></datafield><datafield ind1="1" ind2=" " tag="029"><subfield code="a">AU@</subfield><subfield code="b">000024691637</subfield></datafield><datafield ind1=" " ind2=" " tag="042"><subfield code="a">msc</subfield></datafield><datafield ind1="0" ind2=" " tag="130"><subfield code="a">Mirror (Leesburg, Va. : 1865)</subfield></datafield><datafield ind1="0" ind2="4" tag="245"><subfield code="a">The mirror.</subfield></datafield><datafield ind1=" " ind2=" " tag="260"><subfield code="a">Leesburg, Va. :</subfield><subfield code="b">Benjamin F. Sheetz,</subfield><subfield code="c">1865-</subfield></datafield><datafield ind1=" " ind2=" " tag="300"><subfield code="a">v. ;</subfield><subfield code="c">65 cm.</subfield></datafield><datafield ind1=" " ind2=" " tag="310"><subfield code="a">Weekly</subfield></datafield><datafield ind1="0" ind2=" " tag="362"><subfield code="a">Vol. 1, no. 1 (Jun. 14, 1865)-v. 1, no. 3 (June 29, 1865) ; v. 10, no. 4 (July 5, 1865)-</subfield></datafield><datafield ind1="1" ind2=" " tag="362"><subfield code="a">Ceased in 1903.</subfield></datafield><datafield ind1=" " ind2=" " tag="500"><subfield code="a">Published every Wednesday.</subfield></datafield><datafield ind1=" " ind2=" " tag="500"><subfield code="a">Editor: Benjamin F. Sheetz, &lt;1876&gt;.</subfield></datafield><datafield ind1=" " ind2=" " tag="530"><subfield code="a">Microfilm avavilable from New York Public Library.</subfield></datafield><datafield ind1=" " ind2="0" tag="651"><subfield code="a">Leesburg (Va.)</subfield><subfield code="v">Newspapers.</subfield></datafield><datafield ind1=" " ind2="7" tag="655"><subfield code="a">Newspapers.</subfield><subfield code="2">fast</subfield><subfield code="0">(OCoLC)fst01423814</subfield></datafield><datafield ind1=" " ind2="7" tag="651"><subfield code="a">Virginia</subfield><subfield code="z">Leesburg.</subfield><subfield code="2">fast</subfield><subfield code="0">(OCoLC)fst01212231</subfield></datafield><datafield ind1=" " ind2=" " tag="752"><subfield code="a">United States</subfield><subfield code="b">Virginia</subfield><subfield code="c">Loudoun</subfield><subfield code="d">Leesburg.</subfield></datafield><datafield ind1="0" ind2="0" tag="780"><subfield code="t">Democratic mirror (Leesburg, Va.)</subfield><subfield code="w">(DLC)sn 86092546</subfield><subfield code="w">(OCoLC)13757164</subfield></datafield><datafield ind1="0" ind2="7" tag="785"><subfield code="t">Washingtonian (Leesburg, Va. : 1808)</subfield><subfield code="w">(DLC)sn 83026138</subfield><subfield code="w">(OCoLC)9887275</subfield></datafield><datafield ind1="0" ind2="7" tag="785"><subfield code="t">Washingtonian-mirror</subfield><subfield code="w">(DLC)sn 95079239</subfield><subfield code="w">(OCoLC)32991675</subfield></datafield><datafield ind1=" " ind2=" " tag="938"><subfield code="a">Kirtas Technologies, Inc.</subfield><subfield code="b">KRTS</subfield><subfield code="n">739090</subfield></datafield></record>